@article{jAndersenAse2008,
   author = {Jesper Andersen and Julia L.~Lawall},
   title = {Generic patch inference},
   journal = {Automated Software Engineering},
   volume = 17,
   number = 2,
   pages = {119--148},
   month = jun,
   year = 2010
}

@inproceedings{Andersen:ASE12,
  author    = {Jesper Andersen and
               Anh Cuong Nguyen and
               David Lo and
               Julia L. Lawall and
               Siau-Cheng Khoo},
  title     = {Semantic patch inference},
  booktitle = {ASE},
  year      = {2012},
  pages     = {382-385},
  address = {Essen, Germany},
  month = sep
}

@inproceedings{Brunel:POPL09,
  author = {Julien Brunel and Damien Doligez and Ren\'e Rydhof Hansen and
     Julia Lawall and Gilles Muller},
  title = {A foundation for flow-based program matching using temporal logic
     and model checking},
  booktitle = {POPL},
  month = jan,
  year = 2009,
  pages={114-126},
  keywords ={coccinelle}
}

@article{Danelutto:12,
  author = {M. Danelutto and R. Di Cosmo},
  title = {A ``Minimal Disruption'' Skeleton Experiment: Seamless Map
           \& Reduce Embedding in {OCaml}},
  journal = {Procedia Computer Science},
  volume = 9,
  year = 2012,
  pages = {1837--1846}
}

@inproceedings{Fiuczynski:hotos05,
  title = {{Patch~(1)} Considered Harmful},
  author = {Marc Fiuczynski and Robert Grimm and	    Yvonne Coady and David Walker},
  booktitle = {10th Workshop on Hot Topics in Operating Systems (HotOS X)},
  address = {Santa Fe, NM},
  year = 2005,
  month = jun
}

@Book{Fowler:99,
  author =       "M. Fowler",
  title =        "Refactoring: Improving the Design of Existing Code",
  publisher =    "Addison Wesley",
  year =         "1999",
  padkey = Refactoring
}

@article{Gall91a,
	Author = {Keith Brian Gallagher and James R. Lyle},
	Journal = {Transactions on Software Engineering},
	Month = aug,
	Number = {18},
	Organization = {IEEE},
	Pages = {751--761},
	Title = {Using Program Slicing in Software Maintenance},
	Volume = {17},
	Year = {1991}}

@InProceedings{Kiczales:01,
  author = {Gregor Kiczales and Erik Hilsdale and Jim Hugunin and Mik Kersten     and Jeffrey Palm and William G. Griswold},
  title = {An Overview of {AspectJ}},
  pages = {327--353},
  year = 2001,
  booktitle = {ECOOP},
  address = {Budapest, Hungary},
  month = jun,
  series = {LNCS},
  number = 2072
}

@inproceedings{Meng:13,
  author    = {Na Meng and
               Miryung Kim and
               Kathryn S. McKinley},
  title     = {{LASE:} locating and applying systematic edits by
               learning from examples},
  booktitle = {ICSE},
  year      = {2013},
  pages     = {502--511},
}

@misc{KH:api,
  author = {Greg Kroah-Hartman},
  title= {The {Linux} Kernel Driver Interface},
  howpublished = {Linux 3.17: Documentation/stable\_api\_nonsense.txt},
  note = {Section: ``What to do''}
}

@misc{lkml:api,
  author = {Luis R. Rodriguez},
  title= {6lowpan: few changes to help with backports},
  howpublished = {Patches posted publically and now merged}
}

@article{Lawall:spe13,
  author = {Julia L. Lawall and Julien Brunel and Nicolas Palix
     and Ren\'e Rydhof Hansen and
     Henrik Stuart and Gilles Muller},
  title = {{WYSIWIB}: exploiting fine-grained program structure in a
    scriptable {API}-usage protocol-finding process},
  journal = {Software: Practice and Experience},
  month = jan,
  year = 2013,
  volume={43},
  number={1},
  pages={67--92},
  publisher={John Wiley \& Sons, Ltd}
}

@inproceedings{Padioleau:eurosys08,
  title = {Documenting and Automating Collateral Evolutions in {Linux} Device
     Drivers},
  author = {Yoann Padioleau and Julia Lawall and Ren\'e Rydhof Hansen
     and Gilles Muller},
  booktitle = {EuroSys 2008},
  address = {Glasgow, Scotland},
  month = mar,
  year = 2008,
  pages = {247--260},
  keywords ={coccinelle},
  publisher = {ACM}
}

@inproceedings{Padioleau:eurosys06,
  author = {Yoann Padioleau and Julia L. Lawall and Gilles Muller},
  title = {Understanding Collateral Evolution in {Linux} Device Drivers},
  booktitle =   "EuroSys",
  month =        apr,
  year =         2006,
  pages = {59-71}
}

@book{diffmanual:02,
author = "David MacKenzie and Paul Eggert and Richard Stallman",
title = {Comparing and Merging Files With Gnu Diff and Patch},
publisher = "Network Theory Ltd",
year = 2003,
month = jan,
note = {{U}nified {F}ormat section, \url{http://www.gnu.org/software/diffutils/manual/html_node/Unified-Format.html}},
}
%amazon say "This is a printed copy of the offical GNU diffutils manual. It documents all the diffutils programs (diff, cmp, sdiff, diff3), plus GNU patch."
%network theory is publishing other free software manuals
@book{diffmanual-nourl:02,
author = "David MacKenzie and Paul Eggert and Richard Stallman",
title = {Comparing and Merging Files With Gnu Diff and Patch},
publisher = "Network Theory Ltd",
year = 2003,
month = jan,
}

@InProceedings{palix:aosd10,
  author = 	 {Palix, Nicolas and Lawall, Julia and Muller, Gilles},
  title = 	 {Tracking Code Patterns over Multiple Software Versions with {Herodotos}},
  booktitle =    {AOSD},
  year = 	 2010,
  address = 	 {Rennes and Saint Malo, France},
  month = 	 mar,
  pages      = {169--180}
}

@article{Palix:TOCS14,
  author    = {Nicolas Palix and Ga{\"e}l Thomas and Suman Saha and
    Christophe Calv\`es and Julia Lawall and Gilles Muller},
  title     = {Faults in {Linux} 2.6},
  journal   = {ACM Transactions on Computer Systems},
  volume    = {32},
  number    = {2},
  year      = {2014},
  pages = {4:1--4:40},
  month     = jun
}

@inproceedings{Ren04a,
	Address = {Vancouver, BC, Canada},
	Author = {Xiaoxia Ren and Fenil Shah and Frank Tip and Barbara Ryder	and Ophelia Chesley},
	Booktitle = {OOPSLA},
	Month = oct,
	Pages = {432--448},
	Title = {Chianti: A tool for change impact analysis of {J}ava programs},
	Year = {2004}}

@inproceedings{UquillasGomez:wcre10,
  author    = {Ver{\'{o}}nica {Uquillas G{\'{o}}mez} and
               St{\'{e}}phane Ducasse and
               Theo D'Hondt},
  title     = {Visually Supporting Source Code Changes Integration:
      The {Torch} Dashboard},
  booktitle = {WCRE},
  year      = {2010},
  month = oct,
  address = {Beverly, MA, USA},
  pages     = {55--64}
}

@inproceedings{Weis81a,
	Author = {Mark Weiser},
	Booktitle = {ICSE},
	Pages = {439--449},
	Title = {Program slicing},
	Year = {1981}}
